<record><leader>00000cas a22000007a 4500</leader><controlfield tag="001">22755000</controlfield><controlfield tag="008">901129d19641968nyuwr ne      0    0eng d</controlfield><datafield ind1=" " ind2=" " tag="010"><subfield code="a">sn 90066340 </subfield></datafield><datafield ind1=" " ind2=" " tag="040"><subfield code="a">NYS</subfield><subfield code="b">eng</subfield><subfield code="c">NYS</subfield><subfield code="d">OCLCQ</subfield></datafield><datafield ind1=" " ind2=" " tag="042"><subfield code="a">msc</subfield></datafield><datafield ind1="0" ind2="4" tag="245"><subfield code="a">The Woodstock week.</subfield></datafield><datafield ind1=" " ind2=" " tag="260"><subfield code="a">Woodstock, N.Y. :</subfield><subfield code="b">Sylvia Kordolf and Lorraine Lilja,</subfield><subfield code="c">1964-1968.</subfield></datafield><datafield ind1=" " ind2=" " tag="300"><subfield code="a">v.</subfield></datafield><datafield ind1=" " ind2=" " tag="310"><subfield code="a">Weekly</subfield></datafield><datafield ind1="0" ind2=" " tag="362"><subfield code="a">Vol. 1, no. 1 (May 15, 1964)-v. 4, no. 37 (Sept. 19, 1968).</subfield></datafield><datafield ind1=" " ind2=" " tag="515"><subfield code="a">Suspended with July 2, 1964 issue; resumed with Mar. 26, 1965 issue.</subfield></datafield><datafield ind1=" " ind2=" " tag="580"><subfield code="a">Another publication: Woodstock week letter, was issued during suspension.</subfield></datafield><datafield ind1=" " ind2="4" tag="651"><subfield code="a">Woodstock (N.Y.)</subfield><subfield code="v">Newspapers.</subfield></datafield><datafield ind1=" " ind2=" " tag="752"><subfield code="a">United States</subfield><subfield code="b">New York</subfield><subfield code="c">Ulster</subfield><subfield code="d">Woodstock.</subfield></datafield><datafield ind1="1" ind2=" " tag="787"><subfield code="t">Woodstock week letter</subfield><subfield code="w">(DLC)sn 90066351</subfield><subfield code="w">(OCoLC)22755672</subfield></datafield><datafield ind1="1" ind2=" " tag="029"><subfield code="a">AU@</subfield><subfield code="b">000025866503</subfield></datafield></record>